<record><leader>00000cas a2200000 a 4500</leader><controlfield tag="001">14145987</controlfield><controlfield tag="008">860826d19uu19uukyuwr ne      0    0eng d</controlfield><datafield ind1=" " ind2=" " tag="010"><subfield code="a">sn 86069414 </subfield></datafield><datafield ind1=" " ind2=" " tag="040"><subfield code="a">KNP</subfield><subfield code="b">eng</subfield><subfield code="c">KNP</subfield><subfield code="d">OCL</subfield><subfield code="d">OCLCQ</subfield><subfield code="d">KYUBL</subfield><subfield code="d">OCLCQ</subfield><subfield code="d">OCLCF</subfield><subfield code="d">OCLCO</subfield></datafield><datafield ind1="1" ind2=" " tag="029"><subfield code="a">AU@</subfield><subfield code="b">000025825029</subfield></datafield><datafield ind1=" " ind2=" " tag="042"><subfield code="a">msc</subfield></datafield><datafield ind1=" " ind2=" " tag="043"><subfield code="a">n-us-ky</subfield><subfield code="a">n-us-tn</subfield></datafield><datafield ind1="0" ind2=" " tag="130"><subfield code="a">Courier (Fort Campbell, Ky.)</subfield></datafield><datafield ind1="1" ind2="4" tag="245"><subfield code="a">The courier.</subfield></datafield><datafield ind1=" " ind2=" " tag="260"><subfield code="a">Fort Campbell, Ky. :</subfield><subfield code="b">Robert B. Sapinsley</subfield></datafield><datafield ind1=" " ind2=" " tag="300"><subfield code="a">v. :</subfield><subfield code="b">ill.</subfield></datafield><datafield ind1=" " ind2=" " tag="310"><subfield code="a">Weekly</subfield></datafield><datafield ind1=" " ind2=" " tag="588"><subfield code="a">Description based on: Vol. 6, no. 51 (Jan. 3, 1956).</subfield></datafield><datafield ind1=" " ind2="0" tag="651"><subfield code="a">Fort Campbell (Ky. and Tenn.)</subfield><subfield code="v">Newspapers.</subfield></datafield><datafield ind1=" " ind2="0" tag="651"><subfield code="a">Trigg County (Ky.)</subfield><subfield code="v">Newspapers.</subfield></datafield><datafield ind1=" " ind2="7" tag="655"><subfield code="a">Newspapers.</subfield><subfield code="2">fast</subfield><subfield code="0">(OCoLC)fst01423814</subfield></datafield><datafield ind1=" " ind2="7" tag="651"><subfield code="a">Kentucky</subfield><subfield code="z">Trigg County.</subfield><subfield code="2">fast</subfield><subfield code="0">(OCoLC)fst01206928</subfield></datafield><datafield ind1=" " ind2="7" tag="651"><subfield code="a">United States</subfield><subfield code="z">Fort Campbell.</subfield><subfield code="2">fast</subfield><subfield code="0">(OCoLC)fst01309995</subfield></datafield><datafield ind1=" " ind2=" " tag="752"><subfield code="a">United States</subfield><subfield code="b">Kentucky</subfield><subfield code="c">Trigg</subfield><subfield code="d">Fort Campbell.</subfield></datafield><datafield ind1="0" ind2="0" tag="785"><subfield code="t">Fort Campbell courier</subfield><subfield code="w">(OCoLC)7760843</subfield></datafield></record>